<record><leader>00000cas a2200000 a 4500</leader><controlfield tag="001">31915866</controlfield><controlfield tag="008">950201c19899999azuwr ne      0    0eng c</controlfield><datafield ind1=" " ind2=" " tag="010"><subfield code="a">sn 95060761 </subfield></datafield><datafield ind1=" " ind2=" " tag="040"><subfield code="a">ANN</subfield><subfield code="b">eng</subfield><subfield code="c">ANN</subfield><subfield code="d">NYS</subfield><subfield code="d">ANN</subfield><subfield code="d">OCLCQ</subfield><subfield code="d">OCLCF</subfield><subfield code="d">OCLCO</subfield></datafield><datafield ind1="1" ind2=" " tag="029"><subfield code="a">AU@</subfield><subfield code="b">000011526796</subfield></datafield><datafield ind1=" " ind2=" " tag="032"><subfield code="a">684640</subfield><subfield code="b">USPS</subfield></datafield><datafield ind1=" " ind2=" " tag="037"><subfield code="b">PO Box 667, Williams, AZ 86046-0667</subfield></datafield><datafield ind1=" " ind2=" " tag="042"><subfield code="a">pcc</subfield></datafield><datafield ind1=" " ind2=" " tag="043"><subfield code="a">n-us-az</subfield></datafield><datafield ind1="0" ind2="0" tag="245"><subfield code="a">Williams-Grand Canyon-news.</subfield></datafield><datafield ind1="3" ind2="0" tag="246"><subfield code="a">Williams news</subfield></datafield><datafield ind1="1" ind2=" " tag="246"><subfield code="i">Section "B" called:</subfield><subfield code="a">Grand Canyon news</subfield><subfield code="f">&lt;Feb. 14-20, 2001&gt;</subfield></datafield><datafield ind1=" " ind2=" " tag="260"><subfield code="a">Williams, Ariz. :</subfield><subfield code="b">D. Wells,</subfield><subfield code="c">1989-</subfield></datafield><datafield ind1=" " ind2=" " tag="300"><subfield code="a">v. :</subfield><subfield code="b">ill. (some col.) ;</subfield><subfield code="c">58 cm.</subfield></datafield><datafield ind1=" " ind2=" " tag="310"><subfield code="a">Weekly</subfield></datafield><datafield ind1="0" ind2=" " tag="362"><subfield code="a">[Vol. 99], no. 37 (Sept. 14-20, 1989)-</subfield></datafield><datafield ind1=" " ind2=" " tag="500"><subfield code="a">Serving: Williams, Grand Canyon, Ash Fork, Seligman and Parks.</subfield></datafield><datafield ind1=" " ind2=" " tag="500"><subfield code="a">Includes "Special souvenir railroad edition," Sept 14, 1989 and Sept 21, 1989 to commemorate the reopening of the Grand Canyon Railroad.</subfield></datafield><datafield ind1=" " ind2=" " tag="588"><subfield code="a">Latest issue consulted: Vol. 111, no. 7 (Feb, 14-20, 2001).</subfield></datafield><datafield ind1=" " ind2="0" tag="651"><subfield code="a">Williams (Ariz.)</subfield><subfield code="v">Newspapers.</subfield></datafield><datafield ind1=" " ind2="0" tag="651"><subfield code="a">Grand Canyon (Ariz.)</subfield><subfield code="v">Newspapers.</subfield></datafield><datafield ind1=" " ind2="0" tag="651"><subfield code="a">Ash Fork (Ariz.)</subfield><subfield code="v">Newspapers.</subfield></datafield><datafield ind1=" " ind2="0" tag="651"><subfield code="a">Seligman (Ariz.)</subfield><subfield code="v">Newspapers.</subfield></datafield><datafield ind1=" " ind2="0" tag="651"><subfield code="a">Parks (Ariz.)</subfield><subfield code="v">Newspapers.</subfield></datafield><datafield ind1=" " ind2="0" tag="651"><subfield code="a">Coconino County (Ariz.)</subfield><subfield code="v">Newspapers.</subfield></datafield><datafield ind1=" " ind2="0" tag="651"><subfield code="a">Yavapai County (Ariz.)</subfield><subfield code="v">Newspapers.</subfield></datafield><datafield ind1=" " ind2="7" tag="655"><subfield code="a">Newspapers.</subfield><subfield code="2">fast</subfield><subfield code="0">(OCoLC)fst01423814</subfield></datafield><datafield ind1=" " ind2="7" tag="651"><subfield code="a">Arizona</subfield><subfield code="z">Ash Fork.</subfield><subfield code="2">fast</subfield><subfield code="0">(OCoLC)fst01291988</subfield></datafield><datafield ind1=" " ind2="7" tag="651"><subfield code="a">Arizona</subfield><subfield code="z">Coconino County.</subfield><subfield code="2">fast</subfield><subfield code="0">(OCoLC)fst01217112</subfield></datafield><datafield ind1=" " ind2="7" tag="651"><subfield code="a">Arizona</subfield><subfield code="z">Grand Canyon.</subfield><subfield code="2">fast</subfield><subfield code="0">(OCoLC)fst01240455</subfield></datafield><datafield ind1=" " ind2="7" tag="651"><subfield code="a">Arizona</subfield><subfield code="z">Parks.</subfield><subfield code="2">fast</subfield><subfield code="0">(OCoLC)fst01262559</subfield></datafield><datafield ind1=" " ind2="7" tag="651"><subfield code="a">Arizona</subfield><subfield code="z">Seligman.</subfield><subfield code="2">fast</subfield><subfield code="0">(OCoLC)fst01236385</subfield></datafield><datafield ind1=" " ind2="7" tag="651"><subfield code="a">Arizona</subfield><subfield code="z">Williams.</subfield><subfield code="2">fast</subfield><subfield code="0">(OCoLC)fst01226547</subfield></datafield><datafield ind1=" " ind2="7" tag="651"><subfield code="a">Arizona</subfield><subfield code="z">Yavapai County.</subfield><subfield code="2">fast</subfield><subfield code="0">(OCoLC)fst01217120</subfield></datafield><datafield ind1=" " ind2=" " tag="752"><subfield code="a">United States</subfield><subfield code="b">Arizona</subfield><subfield code="c">Coconino</subfield><subfield code="d">Williams.</subfield></datafield><datafield ind1="0" ind2="0" tag="780"><subfield code="t">Williams news</subfield><subfield code="w">(DLC)sn 82015761</subfield><subfield code="w">(OCoLC)8840569</subfield></datafield><datafield ind1="4" ind2="1" tag="856"><subfield code="u">http://www.grandcanyontourguide.com/grandcanyontourguide/</subfield></datafield></record>